<record><leader>00000cas a22000007a 4500</leader><controlfield tag="001">10686708</controlfield><controlfield tag="008">840503c19509999nvucr ne      0    0eng  </controlfield><datafield ind1=" " ind2=" " tag="010"><subfield code="a">sn 84020371 </subfield></datafield><datafield ind1=" " ind2=" " tag="040"><subfield code="a">DLC</subfield><subfield code="b">eng</subfield><subfield code="c">DLC</subfield><subfield code="d">NNX</subfield></datafield><datafield ind1="1" ind2=" " tag="029"><subfield code="a">AU@</subfield><subfield code="b">000025808981</subfield></datafield><datafield ind1=" " ind2=" " tag="037"><subfield code="b">Henderson Home News, 22 Water St., Henderson, Nev. 89015</subfield></datafield><datafield ind1=" " ind2=" " tag="042"><subfield code="a">msc</subfield></datafield><datafield ind1="0" ind2="0" tag="050"><subfield code="a">Newspaper 8694</subfield></datafield><datafield ind1="0" ind2="0" tag="245"><subfield code="a">Henderson home news.</subfield></datafield><datafield ind1=" " ind2=" " tag="260"><subfield code="a">Henderson, Nev. :</subfield><subfield code="b">M.M. Zenoff,</subfield><subfield code="c">1950-</subfield></datafield><datafield ind1=" " ind2=" " tag="300"><subfield code="a">v. :</subfield><subfield code="b">ill. ;</subfield><subfield code="c">62 cm.</subfield></datafield><datafield ind1=" " ind2=" " tag="310"><subfield code="a">Semiweekly</subfield></datafield><datafield ind1="0" ind2=" " tag="362"><subfield code="a">Jan. 15, 1950-</subfield></datafield><datafield ind1=" " ind2=" " tag="500"><subfield code="a">"Independent." Cf. Lingenfelter, R.E. Newspapers on Nev., 1964.</subfield></datafield><datafield ind1=" " ind2=" " tag="500"><subfield code="a">May 3, 1956 called also 5th Annual Industrial Days celebration edition.</subfield></datafield><datafield ind1=" " ind2=" " tag="580"><subfield code="a">Previously published as a section of the Boulder City news. Cf. Newspapers in microform: U.S., 1948-1972.</subfield></datafield><datafield ind1=" " ind2=" " tag="752"><subfield code="a">United States</subfield><subfield code="b">Nevada</subfield><subfield code="c">Clark</subfield><subfield code="d">Henderson.</subfield></datafield><datafield ind1="1" ind2="1" tag="780"><subfield code="t">Boulder City news (1948)</subfield><subfield code="w">(DLC)sn 8676022</subfield><subfield code="w">(OCoLC)13501005</subfield></datafield></record>